@inproceedings{briand2002investigating,
  title={Investigating the use of analysis contracts to support fault isolation in object oriented code},
  author={Briand, Lionel C and Labiche, Yvan and Sun, Hong},
  booktitle={ACM SIGSOFT Software Engineering Notes},
  volume={27},
  number={4},
  pages={70--80},
  year={2002},
  organization={ACM}
}

@article{ApplyingDesignByContract,
  title={Applying'design by contract},
  author={Meyer, B},
  journal={Computer},
  volume={25},
  number={10},
  pages={40--51},
  year={1992},
  publisher={IEEE}
}

@book{DesignByContractByExample,
  title={Design by Contract, by Example},
  author={Mitchell, R and McKim, J},
  year={2002},
  publisher={Addison-Wesley}
}

@article{rajkumar2015designing,
  title={Designing a Programming Contract Library for Java},
  author={Rajkumar, Neha},
  year={2015}
}

@inproceedings{ceballos2005constraint,
  title={Constraint satisfaction techniques for diagnosing errors in design by contract software},
  author={Ceballos, Rafael and Gasca, Rafael Martinez and Borrego, Diana},
  booktitle={ACM SIGSOFT Software Engineering Notes},
  volume={31},
  number={2},
  pages={11},
  year={2005},
  organization={ACM}
}

@inproceedings{findler2014behavioral,
  title={Behavioral software contracts},
  author={Findler, Robert Bruce},
  booktitle={ACM SIGPLAN Notices},
  volume={49},
  number={9},
  pages={137--138},
  year={2014},
  organization={ACM}
}

@inproceedings{dimoulas2011correct,
  title={Correct blame for contracts: no more scapegoating},
  author={Dimoulas, Christos and Findler, Robert Bruce and Flanagan, Cormac and Felleisen, Matthias},
  booktitle={ACM SIGPLAN Notices},
  volume={46},
  number={1},
  pages={215--226},
  year={2011},
  organization={ACM}
}